<?xml version="1.0" encoding="UTF-8"?><collection xmlns="http://www.loc.gov/MARC21/slim"><record><leader>00340nam--2200121-i-4500</leader><controlfield tag="001">000022881</controlfield><controlfield tag="002">20161230</controlfield><controlfield tag="005">20161230201034</controlfield><controlfield tag="008">060222s1000------------r-----000-0-eng-d</controlfield><datafield ind1=" " ind2=" " tag="100"><subfield code="a">Hutanu, C., Ioachim, D.Si Prisacaru, V</subfield></datafield><datafield ind1=" " ind2=" " tag="245"><subfield code="a">Utilizarile energiei electrice</subfield></datafield><datafield ind1=" " ind2=" " tag="260"><subfield code="a">Bucuresti, Ed.Didactica Si Pedagogica, 1969, 438 P</subfield></datafield><datafield ind1=" " ind2=" " tag="852"><subfield code="a">30603</subfield></datafield></record></collection>